@misc{origin,
	author  = {{MDN contributors}},
	title   = {Origin},
	url     = {https://developer.mozilla.org/zh-CN/docs/Glossary/Origin},
  	date    = {2022-07-03},
  	urldate = {2022-07-07},
}

@misc{papi,
	author  = {Buckler, Craig},
	title   = {How to Evaluate Site Speed with the Performance API},
	url     = {https://blog.openreplay.com/how-to-evaluate-site-speed-with-the-performance-api},
  	date    = {2021-05-12},
  	urldate = {2022-09-07},
}

@misc{m_now,
    author  = {{MDN contributors}},
    title   = {performance.now()},
    url     = {https://developer.mozilla.org/en-US/docs/Web/API/Performance/now},
    date    = {2022-09-13},
    urldate = {2022-09-14}
}

@misc{m_now,
    author  = {{MDN contributors}},
    title   = {performance.now()},
    url     = {https://developer.mozilla.org/en-US/docs/Web/API/Performance/now},
    date    = {2022-09-13},
    urldate = {2022-09-14}
}

@misc{p_moz,
    author  = {Christensen, Alex},
    title   = {Bug 146531 - Reduce resolution of performance.now},
    url     = {https://developer.mozilla.org/en-US/docs/Web/API/Performance/now},
    date    = {2015-07-01},
    urldate = {2022-09-14}
}

@misc{p_web,
    author  = {Veditz, Daniel},
    title   = {Reduce precision of performance.now() to 20us},
    url     = {https://bugzilla.mozilla.org/show_bug.cgi?id=1427870},
    date    = {2018-01-03},
    urldate = {2022-09-14}
}

@misc{p_chr,
    author  = {{pdr@chromium.org}},
    title   = {Issue 506723: Reduce resolution of performance.now to prevent timing attacks},
    url     = {https://bugs.chromium.org/p/chromium/issues/detail?id=506723},
    date    = {2015-07-03},
    urldate = {2022-09-14}
}

@misc{m_now,
    author  = {{MDN contributors}},
    title   = {performance.now()},
    url     = {https://developer.mozilla.org/en-US/docs/Web/API/Performance/now},
    date    = {2022-09-13},
    urldate = {2022-09-14}
}

@misc{timers,
    author  = {Schwarz, Michael and Maurice, Clémentine and Gruss, Daniel and Mangard, Stefan},
    title   = {Fantastic Timers and Where to Find Them: High-Resolution Microarchitectural
Attacks in JavaScript},
    url     = {https://gruss.cc/files/fantastictimers.pdf},
    date    = {2020},
    urldate = {2022-09-14}
}

@misc{clock,
    author  = {Sousa, Manuel and terjanq and Clapis, Roberto and Dworken, David and NDevTK and 1lastBr3ath and Brasco and rick.titor and Fredrickson, Chris and jub0bs},
    title   = {Fantastic Timers and Where to Find Them: High-Resolution Microarchitectural
Attacks in JavaScript},
    url     = {Clocks},
    date    = {2020-12-23},
    urldate = {2022-09-14}
}

@article{cosi,
  doi       = {10.48550/ARXIV.1908.02204},
  url       = {https://arxiv.org/abs/1908.02204},
  author    = {Sudhodanan,  Avinash and Khodayari,  Soheil and Caballero,  Juan},
  keywords  = {Cryptography and Security (cs.CR),  FOS: Computer and information sciences,  FOS: Computer and information sciences},
  title     = {Cross-Origin State Inference (COSI) Attacks: Leaking Web Site States through XS-Leaks},
  publisher = {arXiv},
  year      = {2019},
  copyright = {arXiv.org perpetual,  non-exclusive license}
}

@misc{xsleaks,
    author  = {Sousa, Manuel and terjanq and Clapis, Roberto and Dworken, David and NDevTK and 1lastBr3ath and Brasco and rick.titor and Fredrickson, Chris and jub0bs},
    title   = {XS-Leaks Wiki},
    url     = {https://xsleaks.dev/},
    date    = {2020-10-03},
    urldate = {2022-07-07},
}

@misc{herrera,
    author  = {Herrera, Luan},
    title   = {Issue 990849: Leaking size of cross-origin resource by using Range Requests and Service Workers},
    url     = {https://bugs.chromium.org/p/chromium/issues/detail?id=990849},
    date    = {2019-08-06},
    urldate = {2022-08-15},
}

@inproceedings{modelbase,
	doi = {10.1145/3460120.3484739},
	url = {https://doi.org/10.1145%2F3460120.3484739},
	year = 2021,
	month = {nov},
	publisher = {{ACM}},
	author = {Lukas Knittel and Christian Mainka and Marcus Niemietz and Dominik Trevor No{\ss} and Jörg Schwenk},
	title = {{XSinator}.com: From a Formal Model to the Automatic Evaluation of Cross-Site Leaks in Web Browsers},
	booktitle = {Proceedings of the 2021 {ACM} {SIGSAC} Conference on Computer and Communications Security}
}

@inproceedings{modelext,
	doi = {10.1145/3488932.3517416},
	url = {https://doi.org/10.1145%2F3488932.3517416},
	year = 2022,
	month = {may},
	publisher = {{ACM}},
	author = {Tom Van Goethem and Gertjan Franken and Iskander Sanchez-Rola and David Dworken and Wouter Joosen},
	title = {{SoK}},
	booktitle = {Proceedings of the 2022 {ACM} on Asia Conference on Computer and Communications Security}
}