@misc{origin,
	author  = {{MDN contributors}},
	title   = {Origin},
	url     = {https://developer.mozilla.org/zh-CN/docs/Glossary/Origin},
  	date    = {2022-07-03},
  	urldate = {2022-07-07},
}

@article{cosi,
  doi       = {10.48550/ARXIV.1908.02204},
  url       = {https://arxiv.org/abs/1908.02204},
  author    = {Sudhodanan,  Avinash and Khodayari,  Soheil and Caballero,  Juan},
  keywords  = {Cryptography and Security (cs.CR),  FOS: Computer and information sciences,  FOS: Computer and information sciences},
  title     = {Cross-Origin State Inference (COSI) Attacks: Leaking Web Site States through XS-Leaks},
  publisher = {arXiv},
  year      = {2019},
  copyright = {arXiv.org perpetual,  non-exclusive license}
}

@misc{xsleaks,
    author  = {Sousa, Manuel and terjanq and Clapis, Roberto and Dworken, David and NDevTK and 1lastBr3ath and Brasco and rick.titor and Fredrickson, Chris and jub0bs},
    title   = {XS-Leaks Wiki},
    url     = {https://xsleaks.dev/},
    date    = {2020-10-03},
    urldate = {2022-07-07},
}

@inproceedings{modelbase,
	doi = {10.1145/3460120.3484739},
	url = {https://doi.org/10.1145%2F3460120.3484739},
	year = 2021,
	month = {nov},
	publisher = {{ACM}},
	author = {Lukas Knittel and Christian Mainka and Marcus Niemietz and Dominik Trevor No{\ss} and JÃ¶rg Schwenk},
	title = {{XSinator}.com: From a Formal Model to the Automatic Evaluation of Cross-Site Leaks in Web Browsers},
	booktitle = {Proceedings of the 2021 {ACM} {SIGSAC} Conference on Computer and Communications Security}
}

@inproceedings{modelext,
	doi = {10.1145/3488932.3517416},
	url = {https://doi.org/10.1145%2F3488932.3517416},
	year = 2022,
	month = {may},
	publisher = {{ACM}},
	author = {Tom Van Goethem and Gertjan Franken and Iskander Sanchez-Rola and David Dworken and Wouter Joosen},
	title = {{SoK}},
	booktitle = {Proceedings of the 2022 {ACM} on Asia Conference on Computer and Communications Security}
}